@inproceedings{maxwell2014temporal_delays,
    author = {Maxwell, David and Azzopardi, Leif},
    title = {Stuck in Traffic: How Temporal Delays Affect Search Behaviour},
    booktitle = {Proc. 5\textsuperscript{th} IIiX},
    year = {2014},
    pages = {155--164},
    numpages = {10},
}

@inproceedings{maxwell2015initial_stopping,
    author = {Maxwell, David and Azzopardi, Leif and J\"{a}rvelin, Kalervo and Keskustalo, Heikki},
    title = {An Initial Investigation into Fixed and Adaptive Stopping Strategies},
    booktitle = {Proc. 38\textsuperscript{th} ACM SIGIR},
    year = {2015},
    pages = {903--906},
    numpages = {4},
}

@inproceedings{maxwell2015stopping_strategies,
    author = {Maxwell, David and Azzopardi, Leif and J\"{a}rvelin, Kalervo and Keskustalo, Heikki},
    title = {Searching and Stopping: An Analysis of Stopping Rules and Strategies},
    booktitle = {Proc. 24\textsuperscript{th} ACM CIKM},
    year = {2015},
    pages = {313--322},
    numpages = {10},
}

@inproceedings{maxwell2016dc,
    author = {Maxwell, David},
    title = {Building Realistic Simulations for Interactive Information Retrieval},
    booktitle = {Proc. 1\textsuperscript{st} ACM CHIIR},
    year = {2016},
    pages = {357--359},
    numpages = {3},
}

@inproceedings{maxwell2016simiir,
    author = {Maxwell, David and Azzopardi, Leif},
    title = {Simulating Interactive Information Retrieval: SimIIR: A Framework for the Simulation of Interaction},
    booktitle = {Proc. 39\textsuperscript{th} ACM SIGIR},
    year = {2016},
    pages = {1141--1144},
    numpages = {4},
} 

@inproceedings{maxwell2016agents,
    author = {Maxwell, David and Azzopardi, Leif},
    title = {Agents, Simulated Users and Humans: An Analysis of Performance and Behaviour},
    booktitle = {Proc. 25\textsuperscript{th} ACM CIKM},
    year = {2016},
    pages = {731--740},
    numpages = {10},
}

@inproceedings{maxwell2017snippets,
    author = {Maxwell, David and Azzopardi, Leif and Moshfeghi, Yashar},
    title = {A Study of Snippet Length and Informativeness: Behaviour, Performance and User Experience},
    booktitle = {Proc. 40\textsuperscript{th} ACM SIGIR},
    year = {2017},
    pages = {135--144},
    numpages = {10},
}

@inproceedings{maxwell2018serp,
    author = {Maxwell, David and Azzopardi, Leif},
    title = {Information Scent, Searching and Stopping: Modelling SERP Level Stopping Behaviour},
    booktitle = {Proc. 40\textsuperscript{th} ECIR},
    year = {2018},
    numpages = {13},
}

@article{azzopardi2010workshop,
    author = {Azzopardi, Leif and J\"{a}rvelin, Kalervo and Kamps, Jaap and Smucker, Mark D.},
    title = {Report on the SIGIR 2010 Workshop on the Simulation of Interaction},
    journal = {SIGIR Forum},
    volume = {44},
    number = {2},
    year = {2011},
    pages = {35--47},
    numpages = {13},
}

@inproceedings{harman2010cranfield,
    author = {Harman, Donna},
    title = {Is the Cranfield Paradigm Outdated?},
    booktitle = {Proceedings of SIGIR 2010},
    year = {2010},
    location = {Geneva, Switzerland},
    pages = {1--1},
    numpages = {1},
}

@article{keskustalo2008user_simulation,
    author = {Keskustalo, Heikki and J\"{a}rvelin, Kalervo and Pirkola, Ari},
    title = {Evaluating the Effectiveness of Relevance Feedback Based on a User Simulation Model: Effects of a User Scenario on Cumulated Gain Value},
    journal = {Information Retrieval},
    volume = {11},
    number = {3},
    year = {2008},
    pages = {209--228},
    numpages = {20},
}

@inproceedings{moffat2013users_versus_models,
    author = {Moffat, Alistair and Thomas, Paul and Scholer, Falk},
    title = {Users Versus Models: What Observation Tells Us About Effectiveness Metrics},
    booktitle = {Proc. 22\textsuperscript{nd} ACM CIKM},
    year = {2013},
    pages = {659--668},
    numpages = {10},
}

@inproceedings{azzopardi2011economics,
    author = {Azzopardi, Leif},
    title = {The Economics in Interactive Information Retrieval},
    booktitle = {Proc. 34\textsuperscript{th} ACM SIGIR},
    year = {2011},
    pages = {15--24},
    numpages = {10},
} 

@inproceedings{azzopardi2014economics,
    author = {Azzopardi, Leif},
    title = {Modelling Interaction with Economic Models of Search},
    booktitle = {Proc. 37\textsuperscript{th} ACM SIGIR},
    year = {2014},
    location = {Gold Coast, Queensland, Australia},
    pages = {3--12},
    numpages = {10}
}

@inproceedings{baskaya2013behavioural_factors,
	author = {Baskaya, Feza and Keskustalo, Heikki and J\"{a}rvelin, Kalervo},
	title = {Modeling behavioral factors in interactive information retrieval},
	booktitle = {Proc. 22\textsuperscript{nd} ACM CIKM},
	year = {2013},
	location = {San Francisco, California, USA},
	pages = {2297--2302},
	numpages = {6},
}

@inproceedings{thomas2014modelling_behaviour,
	author = {Thomas, Paul and Moffat, Alistair and Bailey, Peter and Scholer, Falk},
	title = {Modeling Decision Points in User Search Behavior},
	booktitle = {Proc. 5\textsuperscript{th} IIiX},
	year = {2014},
	location = {Regensburg, Germany},
	pages = {239--242},
	numpages = {4},
}

@book{baezayates1999modern_ir,
    author = {Baeza-Yates, Ricardo A. and Ribeiro-Neto, Berthier},
    title = {Modern Information Retrieval},
    year = {1999},
    isbn = {020139829X},
    publisher = {Addison-Wesley Longman Publishing Co., Inc.},
    address = {Boston, MA, USA},
}

@article{murayama2016enough_is_enough,
    author = {Murayama, Kou and Blake, Adam B. and Kerr, Tyson and Castel, Alan D.},
    title = {When enough is not enough: Information overload and metacognitive decisions to stop studying information.},
    journal = {Journal of Experimental Psychology: Learning, Memory, and Cognition},
    volume = {42},
    number = {6},
    year = {2016},
    pages = {914--924},
}

@article{berners1994www,
    title={World Wide Web},
    author={Berners-Lee, Tim and Dimitroyannis, Dimitri and Mallinckrodt, A John and McKay, Susan and others},
    journal={Computers in Physics},
    volume={8},
    number={3},
    pages={298--299},
    year={1994},
    publisher={AIP Publishing}
}

@article{maes1994agents_overload,
    author = {Maes, Pattie},
    title = {Agents That Reduce Work and Information Overload},
    journal = {Commun. ACM},
    volume = {37},
    number = {7},
    year = {1994},
    issn = {0001-0782},
    pages = {30--40},
}

@article{wilson2010keyword_search,
    author = {Wilson, Max L. and Kules, Bill and Schraefel, M.C. and Shneiderman, Ben},
    title = {From Keyword Search to Exploration: Designing Future Search Interfaces for the Web},
    journal = {Found. Trends Web Sci.},
    volume = {2},
    number = {1},
    year = {2010},
    issn = {1555-077X},
    pages = {1--97},
    numpages = {97},
}

@article{belkin1980ask,
    author = {Belkin, Nicholas},
    year = {1980},
    month = {11},
    pages = {133-143},
    volume = {5},
    title = {Anomalous States Of Knowledge As A Basis For Information Retrieval},
    booktitle = {Canadian Journal of Information Science},
}

@book{cleverdon1962cranfield_experiments,
    author = {Cyril W. Cleverdon},
    title = { Report on the testing and analysis of an investigation into the comparative efficiency of indexing systems / by  },
    publisher = {Cranfield University},
    year = { 1962 },
    type = { Book },
}

@book{ingwersen2005theturn,
    Author = {Ingwersen, P. and J\"{a}rvelin, K.},
    Title = {The Turn: Integration of Information Seeking and Retrieval in Context},
    Year = {2005}
}

@article{borlund2000evaluation_iir,
    author = {Borlund, Pia},
    year = {2000},
    month = {01},
    pages = {},
    title = {Evaluation of interactive information retrieval systems},
    note = {Unpublished doctoral dissertation, \r{A}bo Akademi University},
}

@article{borlund2003iir_model,
    author = {Borlund, Pia},
    year = {2003},
    title = {The IIR evaluation model: A framework for evaluation of interactive information retrieval systems},
    journal = {Information Research},
    volume = {8},
    booktitle = {Information Research: an international electronic journal}
}

@inbook{goodchild2011sensors,
    title = {Citizens as Sensors: The World of Volunteered Geography},
    author = {Goodchild, Michael F.},
    publisher = {John Wiley \& Sons, Ltd},
    pages = {370--378},
    year = {2011},
}

@inproceedings{mcbryan1994taming_tools,
    author = {Mcbryan, Oliver A.},
    booktitle = {Proceedings of the first World Wide Web Conference},
    title = {{GENVL} and {WWWW}: Tools for taming the Web},
    year = {1994},
}

@book{rijsbergen1979ir,
    author = {Rijsbergen, C. J. Van},
    title = {Information Retrieval},
    year = {1979},
    edition = {2nd},
    publisher = {Butterworth-Heinemann},
}

@article{vaughan2004new_measurements,
    title={New measurements for search engine evaluation proposed and tested},
    author={Vaughan, Liwen},
    journal={Information Processing \& Management},
    volume={40},
    number={4},
    pages={677--691},
    year={2004},
}

@inproceedings{wang2010language_models,
    author = {Wang, Kuansan and Li, Xiaolong and Gao, Jianfeng},
    title = {Multi-style Language Model for Web Scale Information Retrieval},
    booktitle = {Proc. 33\textsuperscript{rd} ACM SIGIR},
    year = {2010},
    pages = {467--474},
    numpages = {8},
}

@article{robertson2009probabilistic_models,
    author = {Robertson, Stephen and Zaragoza, Hugo},
    title = {The Probabilistic Relevance Framework: BM25 and Beyond},
    journal = {Found. Trends Inf. Retr.},
    issue_date = {April 2009},
    volume = {3},
    number = {4},
    year = {2009},
    issn = {1554-0669},
    pages = {333--389},
    numpages = {57},
}

@inproceedings{harman1993trec1,
    author = {Harman, Donna},
    title = {Overview of the First TREC Conference},
    booktitle = {Proc. 16\textsuperscript{th} ACM SIGIR},
    series = {SIGIR '93},
    year = {1993},
    pages = {36--47},
    numpages = {12},
} 

@book{aslib1966factors,
    title={Factors Determining the Performance of Indexing Systems},
    author={Cleverdon, C.W. and Mills, J. and Keen, M.},
    volume={1:2},
    series={Factors Determining the Performance of Indexing Systems},
    year={1966}
}

@book{zipf1949behaviour,
    title={Human behavior and the principle of least effort: an introduction to human ecology},
    author={Zipf, G.K.},
    year={1949},
}

@article {efthimiadis2000query_expansion,
    author = {Efthimiadis, Efthimis N.},
    title = {Interactive query expansion: A user-based evaluation in a relevance feedback environment},
    journal = {Journal of the American Society for Information Science},
    volume = {51},
    number = {11},
    pages = {989--1003},
    year = {2000},
}

@article{marchionini1993information_seeking,
    title = "Information seeking in full-text end-user-oriented search systems: The roles of domain and search expertise",
    author = "Gary Marchionini and Sandra Dwiggins and Andrew Katz and Xia Lin",
    year = "1993",
    volume = "15",
    pages = "35--69",
    journal = "Library and Information Science Research",
    issn = "0740-8188",
    publisher = "Elsevier BV",
    number = "1",
}

@phdthesis{nickles1995judgment,
	 title={Judgment-based and reasoning-based stopping rules in decision making under uncertainty},
	 author={Nickles, K.R.},
	 year={1995},
	 school={University of Minnesota}
}

@inproceedings{wu2014information_scent,
	author = {Wu, W. and Kelly, D. and Sud, A.},
	title = {Using Information Scent and Need for Cognition to Understand Online Search Behavior},
	booktitle = {Proc 37\textsuperscript{th} ACM SIGIR},
	year = {2014},
	pages = {557--566},
}

@article{brenes2009aol_query_log,
    title = "Stratified analysis of AOL query log",
    journal = "Information Sciences",
    volume = "179",
    number = "12",
    pages = "1844 - 1858",
    year = "2009",
    author = "David J. Brenes and Daniel Gayo-Avello",
}

@inproceedings{korolova2009aol_query_log_privacy,
    author = {Korolova, Aleksandra and Kenthapadi, Krishnaram and Mishra, Nina and Ntoulas, Alexandros},
    title = {Releasing Search Queries and Clicks Privately},
    booktitle = {Proc. 18\textsuperscript{th} WWW},
    year = {2009},
    pages = {171--180},
    numpages = {10},
}

@article{zuccon2013crowdsourcing_comparisons,
    author = {Zuccon, Guido and Leelanupab, Teerapong and Whiting, Stewart and Yilmaz, Emine and Jose, Joemon M. and Azzopardi, Leif},
    title = {Crowdsourcing Interactions: Using Crowdsourcing for Evaluating Interactive Information Retrieval Systems},
    journal = {Inf. Retr.},
    issue_date = {April 2013},
    volume = {16},
    number = {2},
    year = {2013},
    issn = {1386-4564},
    pages = {267--305},
    numpages = {39},
} 

@inbook{heermann1990computer_simulation,
    author="Heermann, Dieter W.",
    title="Computer-Simulation Methods",
    bookTitle="Computer Simulation Methods in Theoretical Physics",
    year="1990",
    pages="8--12",
}

@book{banks1996discrete,
  title={Discrete-event System Simulation},
  author={Banks, J. and Carson, J.S. and Nelson, B.L.},
  series={Prentice-Hall international series in industrial and systems engineering},
  year={1996},
}

@article{hastie1988human_memory_simulation,
title = "A computer simulation model of person memory",
journal = "Journal of Experimental Social Psychology",
volume = "24",
number = "5",
pages = "423 - 447",
year = "1988",
author = "Reid Hastie"
}

@inbook{sparko2010flight_simulators,
    author={Sparko, Andrea
    and Burki-Cohen, Judith
    and Go, Tiauw},
    chapter={Transfer of Training from a Full-Flight Simulator Vs. a High-Level Flight-Training Device with a Dynamic Seat},
    series={Guidance, Navigation, and Control and Co-located Conferences},
    year={2010},
    publisher={American Institute of Aeronautics and Astronautics},
}

@article{haessig1991physics_modelling,
    author={Haessig, Jr  D. A. and Friedland, B.},
    title={On the Modeling and Simulation of Friction},
    journal={Journal of Dynamic Systems, Measurement, and Control},
    year={1991},
    month={Sep},
    volume={113},
    number={3},
    pages={354-362},
}

@article{mahmud2016traffic_modelling_electric,
    title = "A review of computer tools for modeling electric vehicle energy requirements and their impact on power distribution networks",
    journal = "Applied Energy",
    volume = "172",
    number = "Supplement C",
    pages = "337 - 359",
    year = "2016",
    author = "Khizir Mahmud and Graham E. Town",
}

@book{tocher1963art_of_simulation,
    title={The art of simulation},
    author={Tocher, K.D.},
    series={Electrical engineering series},
    year={1963},
}

@techreport{fishwick1995simulation,
     title = {Computer Simulation: The Art and Science of Digital World Construction},
     author = {Paul A. Fishwick},
     year = {1995},
     institution = {University of Florida},
}

@article{browne2004stopping_rules,
    title = "Stopping rule use during information search in design problems",
    journal = "Organizational Behavior and Human Decision Processes",
    volume = "95",
    number = "2",
    pages = "208 - 224",
    year = "2004",
    author = "Glenn J. Browne and Mitzi G. Pitts",
}

@article{smith1991belief,
    author={Smith, Gerald F. and Benson, P. George and Curley, Shawn P.},
    title={Belief, knowledge, and uncertainty: A cognitive perspective on subjective probability.},
    journal={Organizational Behavior and Human Decision Processes},
    year={1991},
    publisher={Elsevier Science},
    address={Netherlands},
    volume={48},
    number={2},
    pages={291-321},
}

@article{hedstrom1997digital_preservation,
    author="Hedstrom, Margaret",
    title="Digital Preservation: A Time Bomb for Digital Libraries",
    journal="Computers and the Humanities",
    year="1997",
    month="May",
    volume="31",
    number="3",
    pages="189",
}

@article{dewey1891dcs,
    author={Dewey, Melvil},
    title={Decimal classification and relative index for libraries, clippings, notes, etc.},
    year={1891},
    publisher={Library Bureau},
    address={Boston},
    volume={240},
    pages={407--593},
    number={41},
}

@article{sanderson2012history_of_ir,
  author = {Sanderson, Mark and Croft, W. Bruce},
  journal = {Proceedings of the IEEE},
  pages = {1444-1451},
  title = {The History of Information Retrieval Research.},
  volume = 100,
  year = 2012,
}

@article {kelly2013evaluation_review,
    author = {Kelly, Diane and Sugimoto, Cassidy R.},
    title = {A systematic review of interactive information retrieval evaluation studies, 1967–2006},
    journal = {Journal of the American Society for Information Science and Technology},
    volume = {64},
    number = {4},
    issn = {1532-2890},
    pages = {745--770},
    year = {2013},
}

@article{pirolli1999ift,
    author = {Peter Pirolli and Stuart K. Card},
    title = {Information Foraging},
    journal = {Psychological Review},
    year = {1999},
    volume = {106},
    pages = {643--675}
}

@article{fuhr2008iprp,
    author="Fuhr, Norbert",
    title="A probability ranking principle for interactive information retrieval",
    journal="Information Retrieval",
    year="2008",
    month="Jun",
    day="01",
    volume="11",
    number="3",
    pages="251--265",
}

@article{bates1989berry_picking,
    author = {Bates, Marcia J.},
    journal = {Online Information Review},
    number = 5,
    pages = {407-424},
    title = {The design of browsing and berrypicking techniques for the online search interface},
    volume = 13,
    year = 1989
}

@inproceedings{azzopardi2015theories,
    author = {Azzopardi, Leif and Zuccon, Guido},
    title = {An Analysis of Theories of Search and Search Behavior},
    booktitle = {Proc. 1\textsuperscript{st} ACM ICTIR},
    series = {ICTIR '15},
    year = {2015},
    pages = {81--90},
    numpages = {10},
} 

@article{varian1999economics,
    author = {Varian, Hal R.},
    title = {Economics and Search},
    journal = {SIGIR Forum},
    issue_date = {Fall 1999},
    volume = {33},
    number = {1},
    year = {1999},
    issn = {0163-5840},
    pages = {1--5},
}

@article{bates1979search_tactics,
    author = {Bates, Marcia J.},
    title = {Information search tactics},
    journal = {Journal of the American Society for Information Science},
    volume = {30},
    number = {4},
    pages = {205--214},
    year = {1979},
}

@book{stephens1986foraging_theory,
    author = {Stephens, D.W. and Krebs, J.R.},
    title = {Foraging Theory},
    year = {1986},
}

@inproceedings{russell1993sense_making,
    author = {Russell, Daniel M. and Stefik, Mark J. and Pirolli, Peter and Card, Stuart K.},
    title = {The Cost Structure of Sensemaking},
    booktitle = {Proc. CHI 1993},
    year = {1993},
    pages = {269--276},
    numpages = {8},
} 

@article{sandstrom1994optimal_foraging,
    author = {Pamela Effrein Sandstrom},
    journal = {The Library Quarterly: Information, Community, Policy},
    number = {4},
    pages = {414-449},
    publisher = {University of Chicago Press},
    title = {An Optimal Foraging Approach to Information Seeking and Use},
    volume = {64},
    year = {1994}
}

@incollection{miller1983informavores,
    author      = "Miller, George A.",
    title       = "Informavores",
    editor      = "Machlup, Fritz and Mansfield, Una",
    booktitle   = "The Study of information : interdisciplinary messages ",
    year        = 1983,
    pages       = "111-113",
}

@inproceedings{chi2001information_scent,
    author = {Chi, Ed H. and Pirolli, Peter and Chen, Kim and Pitkow, James},
    title = {Using Information Scent to Model User Information Needs and Actions and the Web},
    booktitle = {Proc. CHI 2001},
    year = {2001},
    pages = {490--497},
    numpages = {8},
} 

@inproceedings{bota2016information_cards,
 author = {Bota, Horatiu and Zhou, Ke and Jose, Joemon M.},
 title = {Playing Your Cards Right: The Effect of Entity Cards on Search Behaviour and Workload},
 booktitle = {Proc. 1\textsuperscript{st} ACM CHIIR},
 year = {2016},
 pages = {131--140},
 numpages = {10},
} 

@inproceedings{piorkowski2012information_scent,
    author = {Piorkowski, David and Fleming, Scott and Scaffidi, Christopher and Bogart, Christopher and Burnett, Margaret and John, Bonnie and Bellamy, Rachel and Swart, Calvin},
    title = {Reactive Information Foraging: An Empirical Investigation of Theory-based Recommender Systems for Programmers},
    booktitle = {Proc. CHI 2012},
    year = {2012},
    pages = {1471--1480},
    numpages = {10},
}

@article{carr2008google_stupid,
    author = {Carr, Nicholas},
    title = {Is Google Making Us Stupid?},
    journal = {Yearbook of the National Society for the Study of Education},
    volume = {107},
    number = {2},
    issn = {1744-7984},
    pages = {89--94},
    year = {2008},
}

@article{gordon1991utility_theory,
    title = "A utility theoretic examination of the probability ranking principle in information retrieval",
    author = "Gordon, {Michael D.} and Peter Lenk",
    year = "1991",
    volume = "42",
    pages = "703--714",
    journal = "Journal of the Association for Information Science and Technology",
    number = "10",
}

@article{robertson1977prp,
    author = {Robertson, S. E.},
    chapter = {The Probability Ranking Principle in IR},
    journal = {Journal of Documentation},
    year = {1977},
    pages = {294--304},
    volume = {33},
    number = {4},
} 

@inproceedings{voorhees2000trec8,
    author = {Voorhees, E. and Harman, D.},
    title = {Overview of the Eighth Text REtrieval Conference (TREC-8)},
    booktitle = {Proc. TREC-8},
    year = {2000},
    pages = {1--24},
    numpages = {25},
}

@inproceedings{turpin2006performance_versus_measures,
    author = {Turpin, Andrew and Scholer, Falk},
    title = {User Performance Versus Precision Measures for Simple Search Tasks},
    booktitle = {Proc. 29\textsuperscript{th} ACM SIGIR},
    year = {2006},
    pages = {11--18},
    numpages = {8},
} 

@inproceedings{turpin2001batch_evaluations,
    author = {Turpin, Andrew H. and Hersh, William},
    title = {Why Batch and User Evaluations Do Not Give the Same Results},
    booktitle = {Proc. 24\textsuperscript{th} ACM SIGIR},
    year = {2001},
    pages = {225--231},
    numpages = {7},
}

@inproceedings{dostert2009satisficing,
    author = {Dostert, Maureen and Kelly, Diane},
    title = {Users' Stopping Behaviors and Estimates of Recall},
    booktitle = {Proc. 32\textsuperscript{nd} ACM SIGIR},
    year = {2009},
    pages = {820--821},
    numpages = {2},
} 

@inproceedings{toms2009predicting_stopping,
    author = {Toms, Elaine G. and Freund, Luanne},
    title = {Predicting Stopping Behaviour: A Preliminary Analysis},
    booktitle = {Proc. 32\textsuperscript{nd} ACM SIGIR},
    year = {2009},
    location = {Boston, MA, USA},
    pages = {750--751},
    numpages = {2},
}

@article{zach2005enough_is_enough,
    author = {Zach, Lisl},
    title = {When is ``Enough'' Enough? Modeling the Information-seeking and Stopping Behavior of Senior Arts Administrators: Research Articles},
    journal = {J. Am. Soc. Inf. Sci. Technol.},
    issue_date = {January 2005},
    volume = {56},
    number = {1},
    year = {2005},
    issn = {1532-2882},
    pages = {23--35},
    numpages = {13},
}

@inproceedings{wu2014stopping_query_abandonment,
    title = {Online Search Stopping Behaviors: An Investigation of Query Abandonment and Task Stopping},
    journal = {Proc. ASIST},
    year = {2014},
    address = {Seattle, WA},
    author = {Wu, W.C and Diane Kelly}
}

@book{marchionini1995information_seeking,
    author = {Marchionini, Gary},
    title = {Information Seeking in Electronic Environments},
    year = {1995},
    publisher = {Cambridge University Press},
}

@article {cooper1973retrieval_effectiveness,
    author = {Cooper, William S.},
    title = {On selecting a measure of retrieval effectiveness},
    journal = {Journal of the American Society for Information Science},
    volume = {24},
    number = {2},
    issn = {1097-4571},
    pages = {87--100},
    year = {1973},
}
 

@article{cooper1973retrieval_effectiveness_ii,
    author = {Cooper, William S.},
    title = {On selecting a measure of retrieval effectiveness part II. Implementation of the philosophy},
    journal = {Journal of the American Society for Information Science},
    volume = {24},
    number = {6},
    issn = {1097-4571},
    pages = {413--424},
    year = {1973},
}

@article{kraft1979stopping_rules,
    title = "Stopping rules and their effect on expected search length ",
    journal = "IPM",
    volume = "15",
    number = "1",
    pages = "47 - 58",
    year = "1979",
    note = "",
    author = "D.H. Kraft and T. Lee",
}

@inproceedings{cutts2014haggis,
    author = {Cutts, Quintin and Connor, Richard and Michaelson, Greg and Donaldson, Peter},
    title = {Code or (Not Code): Separating Formal and Natural Language in CS Education},
    booktitle = {Proc. 9\textsuperscript{th} WiPSCE},
    year = {2014},
    pages = {20--28},
    numpages = {9},
}

@inproceedings{page1998pagerank,
    author = {Page, L. and Brin, S. and Motwani, R. and Winograd, T.},
    booktitle = {Proc. 7\textsuperscript{th} WWW},
    pages = {161--172},
    title = {The PageRank citation ranking: Bringing order to the Web},
    year = 1998,
}

@inproceedings{holmstrom1948univac,
    author = {Holmstrom, J.E.},
    title = {Section III: OPening Plenary Session},
    booktitle = {The Royal Society Scientific Information Conference},
    year = {1948},
}

@book{eliot2009companion,
    title={A Companion to the History of the Book},
    author={Eliot, S. and Rose, J.},
    series={Blackwell Companions to Literature and Culture},
    year={2009}
}

@patent{soper1920patent,
    title={Means for compiling tabular and statistical data},
    author={Soper, H.E.},
    note={U.S. Patent \texttt{US00135169231-1920}},
    year={1918}
}

@book{mooers1950theory,
    title={The theory of digital handling of non-numerical information and its implications to machine economics},
    author={Mooers, C.N.},
    series={Zator technical bulletin},
    year={1950},
}

@inproceedings{jahoda1961electronic_searching,
    title={Electronic Searching},
    author={Jahoda, G.},
    series={The state of the library art},
    volume=4,
    year={1961},
    pages={139--320},
    publisher={Graduate School of Library Service, Rutgers University}
}

@article{moore1965law,
    author = {Moore, G.E.},
    year = {1965},
    pages = {114},
    title = {Cramming more components onto integrated circuits},
    volume = {38},
    number = {8},
    journal = {Electronics},
}

@article{mitchell1953univac_million,
    author = {Mitchell, Herbert F.},
    title = {The use of the Univ AC FAC-tronic system in the library reference field},
    journal = {American Documentation},
    volume = {4},
    number = {1},
    issn = {1936-6108},
    pages = {16--17},
    year = {1953},
}

@article{luhn1957ranking_query, 
    author={H. P. Luhn}, 
    journal={IBM Journal of Research and Development}, 
    title={A Statistical Approach to Mechanized Encoding and Searching of Literary Information}, 
    year={1957}, 
    volume={1}, 
    number={4}, 
    pages={309-317},
}

@article{maron1959probabilistic_indexing,
    author = {Maron, M.E. and Kuhns, J.L. and Ray, L.C.},
    year = {1959},
    month = {06},
    title = {Probabilistic Indexing: A Statistical Technique for Document Identification and Retrieval},
    note = {U.S. Defense Technical Information Center report \texttt{AD0272572}}
}

@inproceedings{mandayam2017click_logs,
    author = {"Mandayam Comar, P. and Sengamedu, S.H.},
    title = {Intent Based Relevance Estimation from Click Logs},
    booktitle = {Proc. 26\textsuperscript{th} ACM CIKM},
    year = {2017},
    pages = {59--66},
    numpages = {8},
} 